@ARTICLE{Erdos1959-dj,
  title   = "On Random Graphs {I}",
  author  = "Erd{\"o}s, Paul and R{\'e}nyi, Alfr{\'e}d",
  journal = "Publicationes Mathematicae",
  volume  =  6,
  pages   = "290--297",
  year    =  1959
}

@ARTICLE{Teodoridis2019-tc,
  title     = "Creativity at the Knowledge Frontier: The Impact of
               Specialization in Fast- and Slow-paced Domains",
  author    = "Teodoridis, Florenta and Bikard, Micha{\"e}l and Vakili, Keyvan",
  journal   = "Adm. Sci. Q.",
  publisher = "SAGE Publications Inc",
  volume    =  64,
  number    =  4,
  pages     = "894--927",
  month     =  dec,
  year      =  2019,
  issn      = "0001-8392",
  doi       = "10.1177/0001839218793384"
}

@ARTICLE{Faust1992-xo,
  title   = "Blockmodels: Interpretation and evaluation",
  author  = "Faust, Katherine and Wasserman, Stanley",
  journal = "Soc. Networks",
  volume  =  14,
  number  =  1,
  pages   = "5--61",
  month   =  mar,
  year    =  1992,
  issn    = "0378-8733",
  doi     = "10.1016/0378-8733(92)90013-W"
}

@ARTICLE{Watts1998-vh,
  title    = "Collective dynamics of 'small-world' networks",
  author   = "Watts, D J and Strogatz, S H",
  journal  = "Nature",
  volume   =  393,
  number   =  6684,
  pages    = "440--442",
  month    =  jun,
  year     =  1998,
  language = "en",
  issn     = "0028-0836",
  pmid     = "9623998",
  doi      = "10.1038/30918"
}

@ARTICLE{Barabasi1999-dw,
  title    = "Emergence of scaling in random networks",
  author   = "Barabasi, A L and Albert, R",
  journal  = "Science",
  volume   =  286,
  number   =  5439,
  pages    = "509--512",
  month    =  oct,
  year     =  1999,
  language = "en",
  issn     = "0036-8075, 1095-9203",
  pmid     = "10521342",
  doi      = "10.1126/science.286.5439.509"
}

@misc{Park2021-jb,
      title={Dynamics of Disruption in Science and Technology},
      author={Michael Park and Erin Leahey and Russell Funk},
      year={2021},
      eprint={2106.11184},
      archivePrefix={arXiv},
      primaryClass={cs.SI}
}

@ARTICLE{Sun2020-qj,
  title    = "The evolution of knowledge within and across fields in modern
              physics",
  author   = "Sun, Ye and Latora, Vito",
  journal  = "Sci. Rep.",
  volume   =  10,
  number   =  1,
  pages    = "12097",
  month    =  jul,
  year     =  2020,
  language = "en",
  issn     = "2045-2322",
  pmid     = "32694516",
  doi      = "10.1038/s41598-020-68774-w",
  pmc      = "PMC7374558"
}

@ARTICLE{Iacopini2018-fq,
  title    = "Network Dynamics of Innovation Processes",
  author   = "Iacopini, Iacopo and Milojevi{\'c}, Sta{\v s}a and Latora, Vito",
  journal  = "Phys. Rev. Lett.",
  volume   =  120,
  number   =  4,
  pages    = "048301",
  month    =  jan,
  year     =  2018,
  language = "en",
  issn     = "0031-9007, 1079-7114",
  pmid     = "29437427",
  doi      = "10.1103/PhysRevLett.120.048301"
}

@ARTICLE{Dankulov2015-uv,
  title    = "The dynamics of meaningful social interactions and the emergence
              of collective knowledge",
  author   = "Dankulov, Marija Mitrovi{\'c} and Melnik, Roderick and Tadi{\'c},
              Bosiljka",
  journal  = "Sci. Rep.",
  volume   =  5,
  pages    = "12197",
  month    =  jul,
  year     =  2015,
  language = "en",
  issn     = "2045-2322",
  pmid     = "26174482",
  doi      = "10.1038/srep12197",
  pmc      = "PMC4502430"
}


@ARTICLE{Memmott2004-os,
  title    = "Tolerance of pollination networks to species extinctions",
  author   = "Memmott, Jane and Waser, Nickolas M and Price, Mary V",
  journal  = "Proc. Biol. Sci.",
  volume   =  271,
  number   =  1557,
  pages    = "2605--2611",
  month    =  dec,
  year     =  2004,
  language = "en",
  issn     = "0962-8452",
  pmid     = "15615687",
  doi      = "10.1098/rspb.2004.2909",
  pmc      = "PMC1691904"
}

@ARTICLE{Albert2000-mf,
  title    = "Error and attack tolerance of complex networks",
  author   = "Albert, R and Jeong, H and Barabasi, A L",
  journal  = "Nature",
  volume   =  406,
  number   =  6794,
  pages    = "378--382",
  month    =  jul,
  year     =  2000,
  language = "en",
  issn     = "0028-0836, 1476-4687",
  pmid     = "10935628",
  doi      = "10.1038/35019019"
}

@ARTICLE{Weng2015-zt,
  title    = "Topicality and impact in social media: diverse messages, focused
              messengers",
  author   = "Weng, Lilian and Menczer, Filippo",
  journal  = "PLoS One",
  volume   =  10,
  number   =  2,
  pages    = "e0118410",
  month    =  feb,
  year     =  2015,
  language = "en",
  issn     = "1932-6203",
  pmid     = "25710685",
  doi      = "10.1371/journal.pone.0118410",
  pmc      = "PMC4339383"
}

@ARTICLE{Iacopini2020-jm,
  title    = "Interacting Discovery Processes on Complex Networks",
  author   = "Iacopini, Iacopo and Di Bona, Gabriele and Ubaldi, Enrico and
              Loreto, Vittorio and Latora, Vito",
  journal  = "Phys. Rev. Lett.",
  volume   =  125,
  number   =  24,
  pages    = "248301",
  month    =  dec,
  year     =  2020,
  language = "en",
  issn     = "0031-9007, 1079-7114",
  pmid     = "33412072",
  doi      = "10.1103/PhysRevLett.125.248301"
}


@ARTICLE{Tuomisto2010-pr,
  title     = "A consistent terminology for quantifying species diversity? Yes,
               it does exist",
  author    = "Tuomisto, Hanna",
  journal   = "Oecologia",
  publisher = "Springer Science and Business Media LLC",
  volume    =  164,
  number    =  4,
  pages     = "853--860",
  month     =  dec,
  year      =  2010,
  language  = "en",
  issn      = "0029-8549, 1432-1939",
  pmid      = "20978798",
  doi       = "10.1007/s00442-010-1812-0"
}
